@book{Butkov_book, 
	author = {Eugene Butkov},
	title = {Física Matemática},
	publisher = {LTC - Livros Técnicos e Cientifícos Editora S.A.},
	pages = {100},
	year = {1988},
}

@book{Rosas,
	author = {Alexandre da Silva Rosas},
	publisher = {Universidade Federal da Paraíba},
	title = {Notas de Aula do Curso de Métodos Computacionais em Física},
	year = {2008},
	note = {Disponível em: <\url{http://www.fisica.ufpb.br/~arosas/fisicacomputacional.html}> Acesso em 29 Nov. 2011}
}
	
@phdthesis{simeao_phdthesis,
	author = {de Carvalho, P. S. O. F.},
	title = {Transições de fase em cristais líquidos ferroelétricos},
	school = {Universidade do Porto},
	type = {{Tese de Doutorado}},
	address = {Porto, Portugal},
	year = {1998},
}
	
@mastersthesis{oliveira_mastersthesis,
	author = {de Oliveira, B. F.},
	title = {Estudos em meio líquido cristalino como um laborátorio para análise cosmológica},
	type = {{D}issertação de {M}estrado},
	school = {Universidade Estadual de Maringá},
	address = {Maringá},
	year = {2006},
}
	
@misc{fernandes_pat,
	author = {Paulo Ricardo Garcia Fernandes},
	note = {Patente Nº PI-9805500-3},
	title = {Sensor de vibrações mecânicas utilizando cristal líquido},
	year = {1998},
}
	
@misc{manuel,
	note = {Correspondência eletrônica trocada com Manuel Donaire},
}
	
@article{B1,
	title = {Defect-antidefect correlations in a lyotropic liquid crystal from a cosmological point of view},
	author = {Mukai, H.  and Fernandes, P. R. G. and de Oliveira, B. F. and Dias, G. S.},
	journal= {Physical Review E},
	volume = {75},
	pages = {061704},
	year = {2007},
	doi = {10.1103/PhysRevE.75.061704},
	publisher = {American Physical Society},
}
	
@article{B2,
	title = {Nematic liquid crystal dynamics under applied electric fields},
	author = {de Oliveira, B. F. and Avelino, P. P. and Moraes, F.  and Oliveira, J. C. R. E.},
	journal = {Physical Review E},
	volume = {82},
	pages = {041707},
	year = {2010},
	doi = {10.1103/PhysRevE.82.041707},
	publisher = {American Physical Society}
}
	
@article{A1,
	title = {Topological defects in contracting universes},
	author = {Avelino, P. P. and Martins, C. J. A. P. and Santos, C.  and
	Shellard, E. P. S.},
	journal = {Physical Review Letters},
	volume = {89},
	pages = {271301},
	year = {2002},
	doi = {10.1103/PhysRevLett.89.271301},
	publisher = {American Physical Society}
}
	
@article{A2,
	title = {Frustrated expectations: Defect networks and dark energy},
	author = {Avelino, P. P. and Martins, C. J. A. P. and Menezes, J.  and
	Menezes, R.  and Oliveira, J. C. R. E.},
	journal = {Physical Review D},
	volume = {73},
	pages = {123519},
	year = {2006},
	doi = {10.1103/PhysRevD.73.123519},
	publisher = {American Physical Society}
}
	
@article{A3,
	title = {Dynamics of domain wall networks with junctions},
	author = {Avelino, P. P. and Martins, C. J. A. P. and Menezes, J.  and
	Menezes, R.  and Oliveira, J. C. R. E.},
	journal = {Physical Review D},
	volume = {78},
	pages = {103508},
	year = {2008},
	doi = {10.1103/PhysRevD.78.103508},
	publisher = {American Physical Society}
}
